:20:SOACSV2MT940
:21:NONREF
:25:76040061/765432100
:28C:0
:60F:C150331EUR101199,68
:61:1503310331C0,00NONREF
:86:999ZINSEN/ENTGELTE:Abschluss Zinsen und Provisionen Konto 765432100 EUR BLZ 760 400 61 vom 31.12.2014 bis 31.03.2015 Saldo nach Abschluss 100.407,65 EUR w/ Genehmigung des Abschlusses
:61:1503310331D11,88NONREF
:86:999ZINSEN/ENTGELTE:Kontofuehrung Konto 765432100 EUR BLZ 760 400 61 vom 01.03.2015 bis 31.03.2015 Kontofuehrung 6,90- EUR Beleglose Buchungsposten 3,48- EUR Beleghafte Buchungsposten 1,50- EUR
:61:1503300330D11,88NONREF
:86:999LASTSCHRIFT:STRATO AG DRP 53430541 61302455 STRATO AG End-to-End-Referenz: DRP 53430541 61302455 STRATO AG Kundenreferenz: 111 ZCS 4545700 Mandatsreferenz: DE1395629955480 ID des Auftraggebers: DE49ZZZ00000074165 Folgelastschrift SEPA-BASIS-LASTSCHRIFT 1
:61:1503270327D464,76NONREF
:86:999LASTSCHRIFT:AOK Bayern 5003429343 OB-22056913 EUR 464,76 B EITRAG 0315 - 0315 End-to-End-Referenz: 5003429343 OB-22056913 Kundenreferenz: NCOR1503270200130000000000000000015 Mandatsreferenz: 1207298332000001 ID des Auftraggebers: DE49AOK00000018487 Folgelastschrift SEPA-BASIS-LASTSCHRIFT 1
:61:1503250325D10,71NONREF
:86:999LASTSCHRIFT:Planio SEPA D2601291E5 Planio GmbH +49 30 577 0 000-0 1502129343 End-to-End-Referenz: D2601291E5 Kundenreferenz: NCOR1503240200650000000000000000013 Mandatsreferenz: XUMBONA-1411394472 ID des Auftraggebers: DE4600000000595594 Folgelastschrift SEPA-BASIS-LASTSCHRIFT 1
:61:1503170317D24,90NONREF
:86:999LASTSCHRIFT:AMAZON EU S.A.R.L. 305-5085768-7356324 Amazon.de 22575 83939907754 End-to-End-Referenz: 2257583939907754 Kundenreferenz: NCOR1503170200130000000000000000015 Mandatsreferenz: cROcxsmDFR(87CbtLt3TMJQosKhxSz ID des Auftraggebers: DE24ZZZ00000561652 Folgelastschrift SEPA-BASIS-LASTSCHRIFT 1
:61:1503170317D66,42NONREF
:86:999LASTSCHRIFT:AMAZON EU S.A.R.L. 305-2446727-9497912 Amazon.de 26619 55203368737 End-to-End-Referenz: 2661955203368737 Kundenreferenz: NCOR1503170200130000000000000000015 Mandatsreferenz: cROcxsmDFR(87CbtLt3TMJQosKhxSz ID des Auftraggebers: DE24ZZZ00000561652 Folgelastschrift SEPA-BASIS-LASTSCHRIFT 1
:61:1503160316D102,65NONREF
:86:999UEBERWEISUNG:SEPA-UEBERWEISUNG Schwarze Consulting GmbH Kundenreferenz: 258
:61:1503160316D80,45NONREF
:86:999LASTSCHRIFT:VW Leasing GmbH 006002430845 VOM 10.03.2015 KONTO-N R. 4427687894 RECHNUNG-NR. 3000009 2 158 End-to-End-Referenz: LED006002430845 Kundenreferenz: NCOR1503110200820000000000000000018 Mandatsreferenz: 000000374015 ID des Auftraggebers: DE42LEA00000072739 Folgelastschrift SEPA-BASIS-LASTSCHRIFT
:61:1503120312D41,59NONREF
:86:999LASTSCHRIFT:Collmex GmbH RgNr 293510 vom 26.02.2015 End-to-End-Referenz: 11305-16 Kundenreferenz: NCOR1503100200700000000000000000034 Mandatsreferenz: 44880 ID des Auftraggebers: DE53ZZZ00000001343 Folgelastschrift SEPA-BASIS-LASTSCHRIFT
:61:1503120312D83,60NONREF
:86:999LASTSCHRIFT:AMAZON PAYMENTS EUROPE S.C.A. 302-0196054-8125915 Amazon .Mktplce EU-DE 0401500832592363 End-to-End-Referenz: 0401500832592363 Kundenreferenz: NCOR1503110200820000000000000000015 Mandatsreferenz: cROcxsmDFR(87CbtLt3TMJQosKhxSz ID des Auftraggebers: DE94ZZZ00000561653 Folgelastschrift SEPA-BASIS-LASTSCHRIFT 1
:61:1503110309C13,20NONREF
:86:999SCHECK/WECHSEL:SCHECK/LASTSCHRIFT 0050686012388
:61:1503090309D94,55NONREF
:86:999UEBERWEISUNG:Michael Schwarze COBADEHD001 DE18200411330123456700 Privatentnahme div. Auslagen End-to-End-Referenz: NOTPROVIDED Kundenreferenz: 2015030910271313
:61:1503050305D1278,00NONREF
:86:999LASTSCHRIFT:DB Vertrieb GmbH DIE BAHN SAGT DANKE End-to-End-Referenz: DB-ABO:13/4007250/xxx D. 01.03.2015 Kundenreferenz: ABO-CARRIER-05168008 Mandatsreferenz: 134007250 ID des Auftraggebers: DE39DBV00000002177 Erstlastschrift SEPA-BASIS-LASTSCHRIFT
:61:1503020302D279,60NONREF
:86:999UEBERWEISUNG:SEPA-UEBERWEISUNG Schwarze Consulting GmbH Kundenreferenz: 257
:61:1503020302D175,00NONREF
:86:999UEBERWEISUNG:SEPA-UEBERWEISUNG Schwarze Consulting GmbH Kundenreferenz: 253
:61:1503020302D4,50NONREF
:86:999LASTSCHRIFT:DB Vertrieb GmbH Fahrschein GP7LDR End-to-End-Referenz: 100005710267 050015946350 Kundenreferenz: 0001206413-000002 Mandatsreferenz: 1102101591060901 ID des Auftraggebers: DE39DBV00000002177 Folgelastschrift SEPA-BASIS-LASTSCHRIFT
:62F:C150331EUR98482,39
