:20:SOACSV2MT940
:21:NONREF
:25:73160000/12345678
:28C:0
:60F:C190418EUR1000,00
:61:1904120412D70,00NONREF
:86:999GAA-AUSZAHLUNG:Genobank Unterallgaeu/Stetten/DE12.04.2019/13:48 girocardGA 73160000/00003717/01204973160000/0012345678/2/1222
:61:1904120412C388,00NONREF
:86:999GUTSCHRIFT:KG858123FK123456 0419 02034825373/3000095947441 EREF:02034825373 IBAN: DE07760000000076001615 BIC: MARKDEF1760
:61:1904160416D31,49NONREF
:86:999BASISLASTSCHRIFT:MUELLER SAGT DANKE/Mindelheim/DE15.04.2019 um 09:43:24 Uhr69507594/831872/ECTL/NPIN73160000/0012345678/2/1222REF 658154/260022
:61:1904160416D55,93NONREF
:86:999BASISLASTSCHRIFT:KERN SCHUHE + MODE/MINDELHEIM/DE15.04.2019 um 10:47:02 Uhr52015951/169528/CICC/FPIN73160000/0012345678/2/1222REF 434658/260022
:61:1904180418D60,00NONREF
:86:999GAA-AUSZAHLUNG:Untermeitingen/DE18.04.2019/09:04 girocardGA 72069220/00000806/030789Auszahlung       60,00 EUR73160000/0012345678/2/12221,02 EUR Gebuehr wurde vonIhrer GENOBANK uebernommen
:62F:C190418EUR1170,58
